@article{harel1996semantics,
author = {Harel, David and Naamad, Amnon},
year = {1996},
month = {10},
pages = {293-333},
title = {The STATEMATE semantics of statecharts},
volume = {5},
journal = {ACM Trans. Softw. Eng. Methodol.},
doi = {10.1145/235321.235322}
}

@article{DBLP:journals/amai/Poole94,
  author    = {David Poole},
  title     = {Representing Diagnosis Knowledge},
  journal   = {Ann. Math. Artif. Intell.},
  volume    = {11},
  number    = {1-4},
  pages     = {33--50},
  year      = {1994},
  url       = {https://doi.org/10.1007/BF01530736},
  doi       = {10.1007/BF01530736},
  timestamp = {Mon, 06 Nov 2017 17:26:28 +0100},
  biburl    = {https://dblp.org/rec/bib/journals/amai/Poole94},
  bibsource = {dblp computer science bibliography, https://dblp.org}
}

@book{russell2016artificial,
  title={Artificial intelligence: a modern approach},
  author={Russell, Stuart J and Norvig, Peter},
  year={2016},
  publisher={Malaysia; Pearson Education Limited,}
}

@article{grice1975logic,
  title={Logic and conversation},
  author={Grice, H Paul and Cole, Peter and Morgan, Jerry L and others},
  journal={1975},
  pages={41--58},
  year={1975}
}

@incollection{brennan1990conversation,
  title={Conversation as Direct Manipulation: An Iconoclastic View},
  author={Brennan, Susan E},
  editor = {Laurel, B},
  booktitle = {The Art of Human-Computer Interface Design},
  year={1990},
  publisher={Addison-Wesley}
}

@book{DBLP:books/mit/SterlingS94,
  author    = {Leon Sterling and
               Ehud Shapiro},
  title     = {The Art of Prolog - Advanced Programming Techniques, 2nd Ed},
  publisher = {{MIT} Press},
  year      = {1994},
  timestamp = {Thu, 04 Oct 2018 18:55:44 +0200},
  biburl    = {https://dblp.org/rec/bib/books/mit/SterlingS94},
  bibsource = {dblp computer science bibliography, https://dblp.org}
}

@article{abdul2015survey,
  title={Survey on chatbot design techniques in speech conversation systems},
  author={Abdul-Kader, Sameera A and Woods, JC},
  journal={International Journal of Advanced Computer Science and Applications},
  volume={6},
  number={7},
  year={2015},
  publisher={The Science and Information (SAI) Organization}
}

@article{billblack,
author = {Black, Bill and Allwood, Jens and Bunt, Harry and H Frens, J and Dols, Carlo and Donzella, Giacomo and Ferrari, John and Gallagher, Rainer and Haidan, Bill and Imlah, Kristiina and Jokinell, Jean-Marie and Lancel, Joakim and Nivre, Gérard and Sabah, Tom and , Wachtel},
year = {1991},
month = {01},
pages = {},
title = {A pragmatics-based language understanding system},
journal = {Proceedings of the ESPRIT Conference}
}

@book{graham2004hackers,
  title={Hackers \& painters: big ideas from the computer age},
  author={Graham, Paul},
  year={2004},
  publisher={" O'Reilly Media, Inc."}
}

@inproceedings{DBLP:conf/iclp/Tarau17,
  author    = {Paul Tarau},
  title     = {A Hitchhiker's Guide to Reinventing a Prolog Machine},
  booktitle = {Technical Communications of the 33rd International Conference on Logic
               Programming, {ICLP} 2017, August 28 to September 1, 2017, Melbourne,
               Australia},
  pages     = {10:1--10:16},
  year      = {2017},
  crossref  = {DBLP:conf/iclp/2017},
  url       = {https://doi.org/10.4230/OASIcs.ICLP.2017.10},
  doi       = {10.4230/OASIcs.ICLP.2017.10},
  timestamp = {Thu, 23 Aug 2018 15:56:22 +0200},
  biburl    = {https://dblp.org/rec/bib/conf/iclp/Tarau17},
  bibsource = {dblp computer science bibliography, https://dblp.org}
}

@inproceedings{DBLP:conf/eacl/Lager99,
  author    = {Torbj{\"{o}}rn Lager},
  title     = {{\(\mathrm{\mu}\)}-TBL Lite: {A} Small, Extendible Transformation-Based
               Learner},
  booktitle = {{EACL} 1999, 9th Conference of the European Chapter of the Association
               for Computational Linguistics, June 8-12, 1999, University of Bergen,
               Bergen, Norway},
  pages     = {279--280},
  year      = {1999},
  crossref  = {DBLP:conf/eacl/1999},
  url       = {http://aclweb.org/anthology/E/E99/E99-1047.pdf},
  timestamp = {Thu, 17 Aug 2017 17:55:38 +0200},
  biburl    = {https://dblp.org/rec/bib/conf/eacl/Lager99},
  bibsource = {dblp computer science bibliography, https://dblp.org}
}

@inproceedings{Russ:pub8357,
    author = {Russ, Aaron},
    editor = {Horbach, Matthias},
    title = {MMIR Framework: Multimodal Mobile Interaction and Rendering},
    booktitle = {INFORMATIK 2013: Informatik angepasst an Mensch, Organisation und Umwelt. Workshop Modellbasierte Entwicklung von Benutzungsschnittstellen (MoBe-13), located at INFORMATIK 2013, September 16-20, Koblenz, Germany},
    series = {Lecture Notes in Informatics (LNI)},
    year = {2013},
    volume = {P-220},
    pages = {2702--2713},
    organization = {Gesellschaft für Informatik (GI)},
    publisher = {Köllen Druck+Verlag GmbH},
    isbn = {978-3-88579-614-5}
}

@inproceedings{DBLP:conf/ki/MiksatkoK09,
  author    = {Jan Miksatko and
               Michael Kipp},
  title     = {Hybrid Control for Embodied Agents Applications},
  booktitle = {{KI} 2009: Advances in Artificial Intelligence, 32nd Annual German
               Conference on AI, Paderborn, Germany, September 15-18, 2009. Proceedings},
  pages     = {524--531},
  year      = {2009},
  crossref  = {DBLP:conf/ki/2009},
  url       = {https://doi.org/10.1007/978-3-642-04617-9\_66},
  doi       = {10.1007/978-3-642-04617-9\_66},
  timestamp = {Thu, 25 May 2017 00:42:14 +0200},
  biburl    = {https://dblp.org/rec/bib/conf/ki/MiksatkoK09},
  bibsource = {dblp computer science bibliography, https://dblp.org}
}

@inproceedings{Tarau:2004:KCA:967900.967913,
 author = {Tarau, Paul and Figa, Elizabeth},
 title = {Knowledge-based Conversational Agents and Virtual Storytelling},
 booktitle = {Proceedings of the 2004 ACM Symposium on Applied Computing},
 series = {SAC '04},
 year = {2004},
 isbn = {1-58113-812-1},
 location = {Nicosia, Cyprus},
 pages = {39--44},
 numpages = {6},
 url = {http://doi.acm.org/10.1145/967900.967913},
 doi = {10.1145/967900.967913},
 acmid = {967913},
 publisher = {ACM},
 address = {New York, NY, USA},
 keywords = {FrameNet and Open Mind-based knowledge processing, WordNet, agent architectures, agentbased Web services, conversational agents, logic programming, natural language and speech processing, virtual storytelling},
} 

@article{hendler2001agents,
  title={Agents and the semantic web},
  author={Hendler, James},
  journal={IEEE Intelligent systems},
  volume={16},
  number={2},
  pages={30--37},
  year={2001},
  publisher={IEEE}
}

@article{DBLP:journals/computer/Shneiderman83,
  author    = {Ben Shneiderman},
  title     = {Direct Manipulation: {A} Step Beyond Programming Languages},
  journal   = {{IEEE} Computer},
  volume    = {16},
  number    = {8},
  pages     = {57--69},
  year      = {1983},
  url       = {https://doi.org/10.1109/MC.1983.1654471},
  doi       = {10.1109/MC.1983.1654471},
  timestamp = {Wed, 17 May 2017 10:56:42 +0200},
  biburl    = {https://dblp.org/rec/bib/journals/computer/Shneiderman83},
  bibsource = {dblp computer science bibliography, https://dblp.org}
}

@book{DBLP:books/daglib/0041598,
  author    = {Ivan Bratko},
  title     = {Prolog Programming for Artificial Intelligence, 4th Edition},
  publisher = {Addison-Wesley},
  year      = {2012},
  isbn      = {978-0-3214-1746-6},
  timestamp = {Tue, 26 Sep 2017 14:33:47 +0200},
  biburl    = {https://dblp.org/rec/bib/books/daglib/0041598},
  bibsource = {dblp computer science bibliography, https://dblp.org}
}

@inproceedings{wilcock2007scxml,
  title={SCXML and voice interfaces},
  author={Wilcock, Graham},
  booktitle={3rd Baltic Conference on Human Language Technologies, Kaunas, Lithuania},
  volume={1},
  year={2007},
  organization={Citeseer}
}

@book{Dahl:2016:MIW:3086711,
 author = {Dahl, Deborah A.},
 title = {Multimodal Interaction with W3C Standards: Toward Natural User Interfaces to Everything},
 year = {2016},
 isbn = {3319428144, 9783319428147},
 edition = {1st},
 publisher = {Springer Publishing Company, Incorporated},
} 

@mastersthesis{jungerclient,
  title={Client-Side State-based Control for Multimodal User Interfaces},
  author={Junger, David},
  year={2014},
  school={University of Gothenburg}
}

@inproceedings{DBLP:conf/nodalida/Lager98,
  author    = {Torbj{\"{o}}rn Lager},
  title     = {Logic for Part-of-Speech Tagging and Shallow Parsing},
  booktitle = {Proceedings of the 11th Nordic Conference of Computational Linguistics,
               {NODALIDA} 1998, Copenhagen, Denmark, March 28-29, 1998},
  pages     = {152--159},
  year      = {1998},
  crossref  = {DBLP:conf/nodalida/1998},
  url       = {https://aclanthology.info/papers/W98-1616/w98-1616},
  timestamp = {Tue, 30 Jan 2018 16:03:54 +0100},
  biburl    = {https://dblp.org/rec/bib/conf/nodalida/Lager98},
  bibsource = {dblp computer science bibliography, https://dblp.org}
}

@book{DBLP:books/daglib/0068948,
  author    = {Adrian Walker and
               Michael C. McCord and
               John F. Sowa and
               Walter G. Wilson},
  title     = {Knowledge systems and Prolog - developing expert, database, and natural
               language systems {(2.} ed.)},
  publisher = {Addison-Wesley},
  year      = {1990},
  isbn      = {978-0-201-52424-6},
  timestamp = {Mon, 29 Aug 2011 17:06:58 +0200},
  biburl    = {https://dblp.org/rec/bib/books/daglib/0068948},
  bibsource = {dblp computer science bibliography, https://dblp.org}
}

@inproceedings{mateas2003faccade,
  title={Fa{\c{c}}ade: An experiment in building a fully-realized interactive drama},
  author={Mateas, Michael and Stern, Andrew},
  booktitle={Game developers conference},
  volume={2},
  pages={4--8},
  year={2003}
}

@book{shieber2003introduction,
  title={An introduction to unification-based approaches to grammar},
  author={Shieber, Stuart M},
  year={2003},
  publisher={Microtome Publishing}
}

@book{pereira2002prolog,
  title={Prolog and natural-language analysis},
  author={Pereira, Fernando CN and Shieber, Stuart M},
  year={1987},
  publisher={Center for the Study of Language and Information, Stanford.}
}

@inproceedings{DBLP:conf/lpss/Dahl92,
  author    = {Deborah A. Dahl},
  title     = {{PUNDIT} - Natural Language Interfaces},
  booktitle = {Logic Programming in Action, Second International Logic Programming
               Summer School, {LPSS} '92, Zurich, Switzerland, September 7-11, 1992,
               Proceedings},
  pages     = {176--185},
  year      = {1992},
  crossref  = {DBLP:conf/lpss/1992},
  url       = {https://doi.org/10.1007/3-540-55930-2\_13},
  doi       = {10.1007/3-540-55930-2\_13},
  timestamp = {Sat, 20 May 2017 15:32:47 +0200},
  biburl    = {https://dblp.org/rec/bib/conf/lpss/Dahl92},
  bibsource = {dblp computer science bibliography, https://dblp.org}
}

@inproceedings{DBLP:conf/ecms/CicirelliFGN09a,
  author    = {Franco Cicirelli and
               Angelo Furfaro and
               Andrea Giordano and
               Libero Nigro},
  title     = {Statechart-Based Actors For Modelling And Distributed Simulation Of
               Complex Multi-Agent Systems},
  booktitle = {European Conference on Modelling and Simulation, {ECMS} 2009, Madrid,
               Spain, June 9-12, 2009},
  pages     = {233--239},
  year      = {2009},
  crossref  = {DBLP:conf/ecms/2009},
  url       = {https://doi.org/10.7148/2009-0233-0239},
  doi       = {10.7148/2009-0233-0239},
  timestamp = {Thu, 25 May 2017 00:42:38 +0200},
  biburl    = {https://dblp.org/rec/bib/conf/ecms/CicirelliFGN09a},
  bibsource = {dblp computer science bibliography, https://dblp.org}
}

@inproceedings{DBLP:conf/icmi/SkantzeM12,
  author    = {Gabriel Skantze and
               Samer Al Moubayed},
  title     = {IrisTK: a statechart-based toolkit for multi-party face-to-face interaction},
  booktitle = {International Conference on Multimodal Interaction, {ICMI} '12, Santa
               Monica, CA, USA, October 22-26, 2012},
  pages     = {69--76},
  year      = {2012},
  crossref  = {DBLP:conf/icmi/2012},
  url       = {https://doi.org/10.1145/2388676.2388698},
  doi       = {10.1145/2388676.2388698},
  timestamp = {Tue, 06 Nov 2018 11:06:51 +0100},
  biburl    = {https://dblp.org/rec/bib/conf/icmi/SkantzeM12},
  bibsource = {dblp computer science bibliography, https://dblp.org}
}

@book{samek2002practical,
  title={Practical statecharts in C/C++: Quantum programming for embedded systems},
  author={Samek, Miro},
  year={2002},
  publisher={CRC Press}
}

@article{DBLP:journals/cacm/Kowalski79,
  author    = {Robert A. Kowalski},
  title     = {Algorithm = Logic + Control},
  journal   = {Commun. {ACM}},
  volume    = {22},
  number    = {7},
  pages     = {424--436},
  year      = {1979},
  url       = {https://doi.org/10.1145/359131.359136},
  doi       = {10.1145/359131.359136},
  timestamp = {Wed, 14 Nov 2018 10:22:33 +0100},
  biburl    = {https://dblp.org/rec/bib/journals/cacm/Kowalski79},
  bibsource = {dblp computer science bibliography, https://dblp.org}
}

@article{DBLP:journals/scp/Harel87,
  author    = {David Harel},
  title     = {Statecharts: {A} Visual Formalism for Complex Systems},
  journal   = {Sci. Comput. Program.},
  volume    = {8},
  number    = {3},
  pages     = {231--274},
  year      = {1987},
  url       = {https://doi.org/10.1016/0167-6423(87)90035-9},
  doi       = {10.1016/0167-6423(87)90035-9},
  timestamp = {Wed, 14 Nov 2018 10:21:28 +0100},
  biburl    = {https://dblp.org/rec/bib/journals/scp/Harel87},
  bibsource = {dblp computer science bibliography, https://dblp.org}
}

@article{gabriel1991rise,
  title={The rise of ``worse is better""},
  author={Gabriel, Richard},
  journal={Lisp: Good News, Bad News, How to Win Big},
  volume={2},
  number={5},
  year={1991}
}

@book{DBLP:books/daglib/0070755,
  author    = {Peter A. Flach},
  title     = {Simply logical - intelligent reasoning by example},
  series    = {Wiley professional computing},
  publisher = {Wiley},
  year      = {1994},
  isbn      = {978-0-471-94152-1},
  timestamp = {Fri, 08 Apr 2011 18:21:01 +0200},
  biburl    = {https://dblp.org/rec/bib/books/daglib/0070755},
  bibsource = {dblp computer science bibliography, https://dblp.org}
}

@book{horrocks1999constructing,
  title={Constructing the user interface with statecharts},
  author={Horrocks, Ian},
  year={1999},
  publisher={Addison-Wesley Longman Publishing Co., Inc.}
}

@inproceedings{DBLP:conf/iclp/SchrijversCWD08,
  author    = {Tom Schrijvers and
               V{\'{\i}}tor Santos Costa and
               Jan Wielemaker and
               Bart Demoen},
  title     = {Towards Typed Prolog},
  booktitle = {Logic Programming, 24th International Conference, {ICLP} 2008, Udine,
               Italy, December 9-13 2008, Proceedings},
  pages     = {693--697},
  year      = {2008},
  crossref  = {DBLP:conf/iclp/2008},
  url       = {https://doi.org/10.1007/978-3-540-89982-2\_59},
  doi       = {10.1007/978-3-540-89982-2\_59},
  timestamp = {Wed, 14 Nov 2018 10:58:55 +0100},
  biburl    = {https://dblp.org/rec/bib/conf/iclp/SchrijversCWD08},
  bibsource = {dblp computer science bibliography, https://dblp.org}
}

@inproceedings{DBLP:conf/fplay/BruskLHW07,
  author    = {Jenny Brusk and
               Torbj{\"{o}}rn Lager and
               Anna Hjalmarsson and
               Preben Wik},
  title     = {{DEAL:} dialogue management in {SCXML} for believable game characters},
  booktitle = {Proceedings of the 2007 conference on Future Play, Toronto, ON, Canada,
               November 15 - 17, 2007},
  pages     = {137--144},
  year      = {2007},
  crossref  = {DBLP:conf/fplay/2007},
  url       = {https://doi.org/10.1145/1328202.1328227},
  doi       = {10.1145/1328202.1328227},
  timestamp = {Tue, 06 Nov 2018 16:58:01 +0100},
  biburl    = {https://dblp.org/rec/bib/conf/fplay/BruskLHW07},
  bibsource = {dblp computer science bibliography, https://dblp.org}
}

@article{DBLP:journals/jaciii/BruskL08,
  author    = {Jenny Brusk and
               Torbj{\"{o}}rn Lager},
  title     = {Developing Natural Language Enabled Games in {SCXML}},
  journal   = {Journal of Advanced Computational Intelligence and Intelligent Informatics {(JACIII})},
  volume    = {12},
  number    = {2},
  pages     = {156--163},
  year      = {2008},
  url       = {https://doi.org/10.20965/jaciii.2008.p0156},
  doi       = {10.20965/jaciii.2008.p0156},
  timestamp = {Sun, 28 May 2017 13:24:55 +0200},
  biburl    = {https://dblp.org/rec/bib/journals/jaciii/BruskL08},
  bibsource = {dblp computer science bibliography, https://dblp.org}
}

@inproceedings{DBLP:conf/diss/Lager03,
  author    = {Torbj{\"{o}}rn Lager},
  title     = {In dialogue with a desktop calculator: {A} concurrent stream processing
               approach to building simple conversational agents},
  booktitle = {{ISCA} Tutorial and Research Workshop {(ITRW)} on Disfluency in Spontaneous
               Speech, DiSS '03, G{\"{o}}teborg, Sweden, September 5-8, 2003},
  pages     = {59--62},
  year      = {2003},
  crossref  = {DBLP:conf/diss/2003},
  url       = {http://www.isca-speech.org/archive\_open/diss\_03/dis3\_059.html},
  timestamp = {Sat, 05 Apr 2014 18:25:02 +0200},
  biburl    = {https://dblp.org/rec/bib/conf/diss/Lager03},
  bibsource = {dblp computer science bibliography, https://dblp.org}
}

@inproceedings{Lager:2001:SPC:647239.718460, 
  author = {Lager, Torbj\"{o}rn}, 
  title = {Shallow Processing and Cautious Incrementality in a Dialogue System Front End: Two Steps Towards Robustness and Reactivity}, 
  booktitle = {Proceedings of the 4th International Conference on Text, Speech and Dialogue}, 
  series = {TSD '01}, 
  year = {2001}, 
  isbn = {3-540-42557-8}, 
  pages = {410--417}, 
  numpages = {8}, 
  url = {http://dl.acm.org/citation.cfm?id=647239.718460}, 
  acmid = {718460}, 
  publisher = {Springer-Verlag}, 
  address = {Berlin, Heidelberg}
}

@inproceedings{lager2000logic,
  title={A Logic Programming Approach to Word Expert Engineering},
  booktitle = {Proceedings of ACIDCA 2000: Workshop on Corpora and Natural Language Processing, Monastir, Tunisia, March 22-24, 2000},
  author={Lager, Torbj{\"o}rn},
  year={2000}
}

@article{calegari_denti_mariani_omicini_2018, 
 title={Logic programming as a service}, 
 volume={18}, DOI={10.1017/S1471068418000364}, 
 number={5-6}, 
 journal={Theory and Practice of Logic Programming}, 
 publisher={Cambridge University Press}, 
 author={Calegari, Roberta and Denti, Enrico and Mariani, Stefano and Omicini, Andrea},
 year={2018}, 
 pages={846–873}
}

@incollection{al2012furhat,
  title={Furhat: a back-projected human-like robot head for multiparty human-machine interaction},
  author={Al Moubayed, Samer and Beskow, Jonas and Skantze, Gabriel and Granstr{\"o}m, Bj{\"o}rn},
  booktitle={Cognitive behavioural systems},
  pages={114--130},
  year={2012},
  publisher={Springer}
}

@inproceedings{lagerfonetik2012,
  title={The Spoken Web: a survey from a Web Science perspective},
  author={Torbj{\"o}rn Lager},
  year={2012}
}

@inproceedings{Junger2012SCXMLFB,
  title={SCXML for Building Conversational Agents in the Dialog Web Lab},
  author={D. Junger and Torbj{\"o}rn Lager and Johan Roxendal},
  year={2012}
}

@article{DBLP:journals/corr/abs-1808-08042,
  author    = {Jan Wielemaker and
               Fabrizio Riguzzi and
               Bob Kowalski and
               Torbj{\"{o}}rn Lager and
               Fariba Sadri and
               Miguel Calejo},
  title     = {Using {SWISH} to realise interactive web based tutorials for logic
               based languages},
  journal   = {Theory and Practice of Logic Programming}, 
  publisher = {Cambridge University Press},
  volume    = {19},
  year      = {2019},
  pages={229-261},
  DOI       = {10.1017/S1471068418000522}, 
  number    = {2},
  pages     = {229-261}
}

 
@inproceedings{DBLP:conf/moz/LagerK04,
  author    = {Torbj{\"{o}}rn Lager and
               Fredrik Kronlid},
  title     = {The {CURRENT} Platform: Building Conversational Agents in Oz},
  booktitle = {Multiparadigm Programming in Mozart/Oz, Second International Conference,
               {MOZ} 2004, Charleroi, Belgium, October 7-8, 2004, Revised Selected
               and Invited Papers},
  pages     = {161--174},
  year      = {2004},
  crossref  = {DBLP:conf/moz/2004},
  url       = {https://doi.org/10.1007/978-3-540-31845-3\_14},
  doi       = {10.1007/978-3-540-31845-3\_14},
  timestamp = {Tue, 30 May 2017 16:36:52 +0200},
  biburl    = {https://dblp.org/rec/bib/conf/moz/LagerK04},
  bibsource = {dblp computer science bibliography, https://dblp.org}
}

@inproceedings{DBLP:conf/lrec/ForsbergL12,
  author    = {Markus Forsberg and
               Torbj{\"{o}}rn Lager},
  title     = {Cloud Logic Programming for Integrating Language Technology Resources},
  booktitle = {Proceedings of the Eighth International Conference on Language Resources
               and Evaluation, {LREC} 2012, Istanbul, Turkey, May 23-25, 2012},
  pages     = {2935--2940},
  year      = {2012},
  crossref  = {DBLP:conf/lrec/2012},
  url       = {http://www.lrec-conf.org/proceedings/lrec2012/summaries/212.html},
  timestamp = {Mon, 29 Aug 2016 18:40:10 +0200},
  biburl    = {https://dblp.org/rec/bib/conf/lrec/ForsbergL12},
  bibsource = {dblp computer science bibliography, https://dblp.org}
}

@inproceedings{kronlid2007implementing,
  title={Implementing the information-state update approach to dialogue management in a slightly extended scxml},
  author={Kronlid, Fredrik and Lager, Torbj{\"o}rn},
  booktitle={Proceedings of the 11th International Workshop on the Semantics and Pragmatics of Dialogue (DECALOG)},
  pages={99--106},
  year={2007}
}

@book{DBLP:books/mit/RoyH2004,
  author    = {Peter van Roy and
               Seif Haridi},
  title     = {Concepts, Techniques, and Models of Computer Programming},
  publisher = {{MIT} Press},
  year      = {2004},
  isbn      = {0-262-22069-5},
  timestamp = {Fri, 23 Apr 2004 07:50:09 +0200},
  biburl    = {https://dblp.org/rec/bib/books/mit/RoyH2004},
  bibsource = {dblp computer science bibliography, https://dblp.org}
}

@inproceedings{DBLP:conf/conll/Lager99,
  author    = {Torbj{\"{o}}rn Lager},
  title     = {The {\(\mathrm{\mu}\)}-TBL System: Logic Programming Tools for Transformation-Based
               Learning},
  booktitle = {Proceedings of the 1999 Workshop on Computational Natural Language
               Learning, CoNLL-99, Held in cooperation with EACL'99, Bergen, Norway,
               June 12, 1999},
  pages     = {33--42},
  year      = {1999},
  crossref  = {DBLP:conf/conll/1999},
  url       = {http://aclweb.org/anthology/W/W99/W99-0705.pdf},
  timestamp = {Mon, 26 Jan 2015 17:13:02 +0100},
  biburl    = {https://dblp.org/rec/bib/conf/conll/Lager99},
  bibsource = {dblp computer science bibliography, https://dblp.org}
}

@inproceedings{DBLP:conf/nodalida/Lager01,
  author    = {Torbj{\"{o}}rn Lager},
  title     = {Transformation-Based Learning of Rules for Constraint Grammar Tagging},
  booktitle = {Proceedings of the 13th Nordic Conference of Computational Linguistics,
               {NODALIDA} 2001, Uppsala, Sweden, May 2001},
  year      = {2001},
  crossref  = {DBLP:conf/nodalida/2001},
  url       = {https://aclanthology.info/papers/W01-1714/w01-1714},
  timestamp = {Tue, 30 Jan 2018 15:00:41 +0100},
  biburl    = {https://dblp.org/rec/bib/conf/nodalida/Lager01},
  bibsource = {dblp computer science bibliography, https://dblp.org}
}

@inproceedings{DBLP:conf/semeval/LagerZ01,
  author    = {Torbj{\"{o}}rn Lager and
               Natalia Zinovjeva},
  title     = {Sense and Deduction: The Power of Peewees Applied to the {SENSEVAL-2}
               Swedish Lexical Sample Task},
  booktitle = {Proceedings of Second International Workshop on Evaluating Word Sense
               Disambiguation Systems, SENSEVAL@ACL 2001, Toulouse, France, July
               5-6, 2001},
  pages     = {99--102},
  year      = {2001},
  crossref  = {DBLP:conf/semeval/2001},
  url       = {https://aclanthology.info/papers/S01-1024/s01-1024},
  timestamp = {Fri, 26 Jan 2018 16:08:53 +0100},
  biburl    = {https://dblp.org/rec/bib/conf/semeval/LagerZ01},
  bibsource = {dblp computer science bibliography, https://dblp.org}
}

@inproceedings{DBLP:conf/lacl/LagerN01,
  author    = {Torbj{\"{o}}rn Lager and
               Joakim Nivre},
  title     = {Part of Speech Tagging from a Logical Point of View},
  booktitle = {Logical Aspects of Computational Linguistics, 4th International Conference,
               {LACL} 2001, Le Croisic, France, June 27-29, 2001, Proceedings},
  pages     = {212--227},
  year      = {2001},
  crossref  = {DBLP:conf/lacl/2001},
  url       = {https://doi.org/10.1007/3-540-48199-0\_13},
  doi       = {10.1007/3-540-48199-0\_13},
  timestamp = {Fri, 26 May 2017 14:09:14 +0200},
  biburl    = {https://dblp.org/rec/bib/conf/lacl/LagerN01},
  bibsource = {dblp computer science bibliography, https://dblp.org}
}

@book{lager1995logical,
  title={A logical approach to computational corpus linguistics},
  author={Lager, Torbj{\"o}rn},
  year={1995},
  publisher={Citeseer}
}

@article{DBLP:journals/ai/HobbsSAM93,
  author    = {Jerry R. Hobbs and
               Mark E. Stickel and
               Douglas E. Appelt and
               Paul A. Martin},
  title     = {Interpretation as Abduction},
  journal   = {Artif. Intell.},
  volume    = {63},
  number    = {1-2},
  pages     = {69--142},
  year      = {1993},
  url       = {https://doi.org/10.1016/0004-3702(93)90015-4},
  doi       = {10.1016/0004-3702(93)90015-4},
  timestamp = {Sat, 27 May 2017 14:24:42 +0200},
  biburl    = {https://dblp.org/rec/bib/journals/ai/HobbsSAM93},
  bibsource = {dblp computer science bibliography, https://dblp.org}
}

@inproceedings{boye2007dialogue,
  title={Dialogue management for automatic troubleshooting and other problem-solving applications},
  author={Boye, Johan},
  booktitle={Proc. of 8th SIGdial Workshop on Discourse and Dialogue},
  pages={247--255},
  year={2007},
  organization={Citeseer}
}

@article{vlassis2007concise,
  title={A concise introduction to multiagent systems and distributed artificial intelligence},
  author={Vlassis, Nikos},
  journal={Synthesis Lectures on Artificial Intelligence and Machine Learning},
  volume={1},
  number={1},
  pages={1--71},
  year={2007},
  publisher={Morgan \& Claypool Publishers}
}

@misc{barnett2015state,
  title={State Chart XML (SCXML) State Machine Notation for Control Abstraction. W3C Recommendation},
  author={Barnett, J and Akolkar, R and Auburn, RJ and Bodell, M and Burnett, D and Carter, J and McGlashan, S and Lager, T and Helbing, M and Hosn, R and Reifenrath, K and Rosenthal, N and Roxendal, J},
  year={2015}
}

@InProceedings{W13-4019,
  author = 	"Radomski, Stefan
		and Schnelle-Walka, Dirk
		and Radeck-Arneth, Stephan",
  title = 	"A Prolog Datamodel for State Chart XML",
  booktitle = 	"Proceedings of the SIGDIAL 2013 Conference",
  year = 	"2013",
  publisher = 	"Association for Computational Linguistics",
  pages = 	"127--131",
  location = 	"Metz, France",
  url = 	"http://aclweb.org/anthology/W13-4019"
}

@book{halpin2013philosophical,
  title={Philosophical Engineering: Toward a Philosophy of the Web},
  author={Halpin, Harry and Monnin, Alexandre},
  year={2013},
  publisher={John Wiley \& Sons}
}

@article{smart2012w,
  title={The Web-Extended Mind},
  author={Smart, Paul R},
  journal={Metaphilosophy},
  volume={43},
  number={4},
  pages={446--463},
  year={2012},
  publisher={Wiley Online Library}
}

@article{halpin2010towards,
  title={Towards a philosophy of the web: representation, enaction, collective intelligence},
  author={Halpin, Harry and Clark, Andy and Wheeler, Michael},
  year={2010},
  publisher={Citeseer}
}

@article{deliyanni1979logic,
  title={Logic and semantic networks},
  author={Deliyanni, Amaryllis and Kowalski, Robert A},
  journal={Communications of the ACM},
  volume={22},
  number={3},
  pages={184--192},
  year={1979},
  publisher={ACM}
}

@incollection{kowalski2014logic, 
  title={Logic programming},
  author={Kowalski, Robert}, 
  booktitle={Handbook of the History of Logic}, 
  editor = "Dov Gabbay and John Woods",
  volume={9}, 
  pages={523--569}, 
  year={2014}, 
  publisher={Elsevier} 
}


@article{colburn2007abstraction,
  title={Abstraction in computer science},
  author={Colburn, Timothy and Shute, Gary},
  journal={Minds and Machines},
  volume={17},
  number={2},
  pages={169--184},
  year={2007},
  publisher={Springer}
}

@book{rheingold2000virtual,
  title={The virtual community: Homesteading on the electronic frontier},
  author={Rheingold, Howard},
  year={2000},
  publisher={MIT press}
}

@incollection{HENDLER2008821,
title = "The Semantic Web: Webizing Knowledge Representation",
editor = "Frank van Harmelen and Vladimir Lifschitz and Bruce Porter",
series = "Foundations of Artificial Intelligence",
publisher = "Elsevier",
volume = "3",
pages = "821 - 839",
year = "2008",
booktitle = "Handbook of Knowledge Representation",
issn = "1574-6526",
doi = "https://doi.org/10.1016/S1574-6526(07)03021-0",
url = "http://www.sciencedirect.com/science/article/pii/S1574652607030210",
author = "Jim Hendler and Frank van Harmelen"
}

@ARTICLE{660187,
author={John. K. Ousterhout},
journal={Computer},
title={Scripting: higher level programming for the 21st Century},
year={1998},
volume={31},
number={3},
pages={23-30},
ISSN={0018-9162},
month={March},}

@techreport{hoare1973hints,
  title={Hints on programming language design},
  author={Hoare, CA},
  year={1973},
  institution={STANFORD UNIV CA DEPT OF COMPUTER SCIENCE}
}

@Inbook{milner2006,
author="Milner, Robin",
editor="Goldin, Dina
and Smolka, Scott A.
and Wegner, Peter",
title="Turing, Computing and Communication",
bookTitle="Interactive Computation: The New Paradigm",
year="2006",
publisher="Springer Berlin Heidelberg",
address="Berlin, Heidelberg",
pages="1--8",
isbn="978-3-540-34874-0",
doi="10.1007/3-540-34874-3_1",
url="https://doi.org/10.1007/3-540-34874-3_1"
}

@phdthesis{phd/2009/wielemaker,
  author = "Jan Wielemaker",
  title = "Logic programming for knowledge-intensive interactive applications",
  school = "University of Amsterdam",
  year = "2009",
  note = "http://dare.uva.nl/en/record/300739"
}

@techreport{jacobs-i-2004--a,
  author = {Jacobs, Ian and Walsh, Norman},
  institution = {W3C},
  interhash = {440dd7697bb68dcfeaec0789cdd1b316},
  intrahash = {b71e7b270b07f9d1940082d6e8f2785f},
  note = {http://www.w3.org/TR/2004/REC-webarch-20041215/},
  timestamp = {2008-03-21T13:33:30.000+0100},
  title = {Architecture of the {W}orld {W}ide {W}eb, {V}olume {O}ne},
  url = {http://www.w3.org/TR/2004/REC-webarch-20041215/},
  year = {2004}
}

@book{Agha:1986:AMC:7929,
 author = {Agha, Gul},
 title = {Actors: A Model of Concurrent Computation in Distributed Systems},
 year = {1986},
 isbn = {0-262-01092-5},
 publisher = {MIT Press},
 address = {Cambridge, MA, USA}
} 

@inproceedings{distefano,
author = {di Stefano, Antonella and Gangemi, Francesca and Santoro, Corrado},
year = {2005},
month = {01},
pages = {62-71},
title = {ERESYE: Artificial intelligence in Erlang programs},
booktitle = {Erlang'05 -- Proceedings of the ACM SIGPLAN 2005 Erlang Workshop}
}

@inproceedings{DBLP:conf/erlang/Santoro07,
  author    = {Corrado Santoro},
  title     = {An Erlang framework for autonomous mobile robots},
  booktitle = {Proceedings of the 2007 {ACM} {SIGPLAN} Workshop on Erlang, Freiburg,
               Germany, October 5, 2007},
  pages     = {85--92},
  year      = {2007},
  crossref  = {DBLP:conf/erlang/2007},
  url       = {https://doi.org/10.1145/1292520.1292533},
  doi       = {10.1145/1292520.1292533},
  timestamp = {Tue, 06 Nov 2018 16:59:37 +0100},
  biburl    = {https://dblp.org/rec/bib/conf/erlang/Santoro07},
  bibsource = {dblp computer science bibliography, https://dblp.org}
}

@Article{whatlanguageforai,
author = {Schmid, Ute and Mandl, Stefan and Gust, Helmar and Kitzelmann, Emanuel and Helmert, Malte and Buschmeier, Hendrik and Yaghoubzadeh, Ramin and Pietsch, Christian and Kopp, Stefan and Hertzberg, Joachim and Sprickerhof, Jochen and Wiemann, Thomas},
title="What Language Do You Use to Create Your AI Programs and Why?",
journal="K{\"u}nstliche Intelligenz",
year="2012",
month="Feb",
day="01",
volume="26",
number="1",
pages="99--106",
issn="1610-1987",
doi="10.1007/s13218-011-0158-z",
url="https://doi.org/10.1007/s13218-011-0158-z"
}

@article{hoare1978communicating, 
title={Communicating sequential processes}, 
author={Hoare, Charles Antony Richard}, 
journal={Communications of the ACM}, 
volume={21}, 
number={8}, 
pages={666--677}, 
year={1978}, 
publisher={ACM}
}

@article{Wegner:1997:WIM:253769.253801,
 author = {Wegner, Peter},
 title = {Why Interaction is More Powerful Than Algorithms},
 journal = {Commun. ACM},
 issue_date = {May 1997},
 volume = {40},
 number = {5},
 month = may,
 year = {1997},
 issn = {0001-0782},
 pages = {80--91},
 numpages = {12},
 url = {http://doi.acm.org/10.1145/253769.253801},
 doi = {10.1145/253769.253801},
 acmid = {253801},
 publisher = {ACM},
 address = {New York, NY, USA},
} 

@incollection{eberbach2004turing,
  title={Turing’s ideas and models of computation},
  author={Eberbach, Eugene and Goldin, Dina and Wegner, Peter},
  booktitle={Alan Turing: Life and Legacy of a Great Thinker},
  pages={159--194},
  year={2004},
  publisher={Springer}
}

@article{HALL20123859,
title = "Web evolution and Web Science",
journal = "Computer Networks",
volume = "56",
number = "18",
pages = "3859 - 3865",
year = "2012",
note = "The WEB we live in",
issn = "1389-1286",
doi = "https://doi.org/10.1016/j.comnet.2012.10.004",
url = "http://www.sciencedirect.com/science/article/pii/S1389128612003581",
author = "Wendy Hall and Thanassis Tiropanis",
keywords = "Web Science, Web evolution, Web Observatories, Social machines"
}

@inproceedings{lagermyrendal2012,
author = {Lager, Torbjörn and Myrendal, Jenny},
year = {2012},
month = {01},
title = {Exploring the Web of Coined Catchy Phrases},
booktitle = {Proceedings of WWW2012: Web Science Track}
}

@inproceedings{bry2005,
author = {Bry, François and Marchiori, Massimo},
year = {2005},
month = {09},
title = {Ten Theses on Logic Languages for the Semantic Web},
booktitle = {Principles and Practice of Semantic Web Reasoning: Third International Workshop, PPSWR 2005, Dagstuhl Castle, Germany, September 11-16, 2005}
}


@inproceedings{Bry:2006:TTR:2166136.2166208,
 author = {Bry, Fran\c{c}ois and Eckert, Michael},
 title = {Twelve Theses on Reactive Rules for the Web},
 booktitle = {Proceedings of the 2006 International Conference on Current Trends in Database Technology},
 series = {EDBT'06},
 year = {2006},
 isbn = {3-540-46788-2, 978-3-540-46788-5},
 location = {Munich, Germany},
 pages = {842--854},
 numpages = {13},
 url = {http://dx.doi.org/10.1007/11896548_63},
 doi = {10.1007/11896548_63},
 acmid = {2166208},
 publisher = {Springer-Verlag},
 address = {Berlin, Heidelberg},
} 


@INPROCEEDINGS{Alferes03semanticweb,
    author = {J. J. Alferes and C. V. Damasio and L. M. Pereira},
    title = {Semantic Web Logic Programming Tools},
    booktitle = {International Workshop on Principles and Practice of Semantic Web Reasoning (PPSWR’03},
    year = {2003},
    pages = {16--32}
}

@book{Huntbach:1999:APP:1825500,
 author = {Huntbach, Matthew M. and Ringwood, Graem A.},
 title = {Agent-oriented Programming: From Prolog to Guarded Definite Clauses},
 year = {1999},
 isbn = {3-540-66683-4},
 publisher = {Springer-Verlag},
 address = {Berlin, Heidelberg},
} 

@Inbook{Horrocks2005,
author="Horrocks, Ian
and Parsia, Bijan
and Patel-Schneider, Peter
and Hendler, James",
editor="Fages, Fran{\c{c}}ois
and Soliman, Sylvain",
title="Semantic Web Architecture: Stack or Two Towers?",
bookTitle="Principles and Practice of Semantic Web Reasoning: Third International Workshop, PPSWR 2005, Dagstuhl Castle, Germany, September 11-16, 2005 Proceedings",
year="2005",
publisher="Springer Berlin Heidelberg",
address="Berlin, Heidelberg",
pages="37--41",
isbn="978-3-540-32028-9",
doi="10.1007/11552222_4",
url="https://doi.org/10.1007/11552222_4"
}

@Inbook{Kifer2005,
author="Kifer, Michael
and de Bruijn, Jos
and Boley, Harold
and Fensel, Dieter",
editor="Adi, Asaf
and Stoutenburg, Suzette
and Tabet, Said",
title="A Realistic Architecture for the Semantic Web",
bookTitle="Rules and Rule Markup Languages for the Semantic Web: First International Conference, RuleML 2005, Galway, Ireland, November 10-12, 2005. Proceedings",
year="2005",
publisher="Springer Berlin Heidelberg",
address="Berlin, Heidelberg",
pages="17--29",
isbn="978-3-540-32270-2",
doi="10.1007/11580072_3",
url="https://doi.org/10.1007/11580072_3"
}

@article{quprolog:article,
author = {Clark, Keith and J. Robinson, Peter and Hagen, Richard},
year = {2001},
month = {05},
pages = {283-301},
title = {Multi-Threading And Message Communication In Qu-Prolog},
volume = {1},
booktitle = {TPLP}
}

@book{lombardi2015websocket,
  title={WebSocket: Lightweight Client-server Communications},
  author={Lombardi, Andrew},
  year={2015},
  publisher={O'Reilly Media, Inc.}
}

@conference{webist08,
author={Giulio Piancastelli and Andrea Omicini},
title={A LOGIC PROGRAMMING MODEL FOR WEB RESOURCES},
booktitle={Proceedings of the Fourth International Conference on Web Information Systems and Technologies - Volume 1: WEBIST,},
year={2008},
pages={158-164},
publisher={SciTePress},
organization={INSTICC},
doi={10.5220/0001524501580164},
isbn={978-989-8111-26-5},
}

@Inbook{Piancastelli2008,
author="Piancastelli, Giulio
and Omicini, Andrea",
editor="Garcia de la Banda, Maria
and Pontelli, Enrico",
title="A Multi-theory Logic Language for the World Wide Web",
bookTitle="Logic Programming: 24th International Conference, ICLP 2008 Udine, Italy, December 9-13 2008 Proceedings",
year="2008",
publisher="Springer Berlin Heidelberg",
address="Berlin, Heidelberg",
pages="769--773",
doi="10.1007/978-3-540-89982-2_74",
url="https://doi.org/10.1007/978-3-540-89982-2_74"
}

@book{Richardson:2007:RWS:1406352, 
 author = {Richardson, Leonard and Ruby, Sam}, 
 title = {Restful Web Services}, 
 year = {2007}, 
 isbn = {9780596529260}, 
 edition = {First}, 
 publisher = {O'Reilly},
} 

@phdthesis{Fielding:2000:ASD:932295,
 author = {Fielding, Roy Thomas},
 title = {Architectural Styles and the Design of Network-based Software Architectures},
 year = {2000},
 isbn = {0-599-87118-0},
 note = {AAI9980887},
 publisher = {University of California, Irvine},
}

@book{Kowalski:1986:LP:13060,
 author = {Kowalski, Robert},
 title = {Logic for Problem-solving},
 year = {1986},
 isbn = {0-444-0036597},
 publisher = {North-Holland Publishing Co.},
 address = {Amsterdam, The Netherlands, The Netherlands},
}

@phdthesis{stamos1986remote,
  title={Remote Evaluation.},
  author={Stamos, James W},
  year={1986},
  school={Massachusetts Inst of Tech Cambridge lab for Computer Science}
}

@article{stamos1990remote,
  title={Remote evaluation},
  author={Stamos, James W and Gifford, David K},
  journal={ACM Transactions on Programming Languages and Systems (TOPLAS)},
  volume={12},
  number={4},
  pages={537--564},
  year={1990},
  publisher={ACM}

}

@inproceedings{DeKoster:2016:YAT:3001886.3001890,
 author = {De Koster, Joeri and Van Cutsem, Tom and De Meuter, Wolfgang},
 title = {43 Years of Actors: A Taxonomy of Actor Models and Their Key Properties},
 booktitle = {Proceedings of the 6th International Workshop on Programming Based on Actors, Agents, and Decentralized Control},
 series = {AGERE 2016},
 year = {2016},
 isbn = {978-1-4503-4639-9},
 location = {Amsterdam, Netherlands},
 pages = {31--40},
 numpages = {10},
 url = {http://doi.acm.org/10.1145/3001886.3001890},
 doi = {10.1145/3001886.3001890},
 acmid = {3001890},
 publisher = {ACM},
 address = {New York, NY, USA},
 keywords = {Actor Model, Concurrency},
} 

@article{useofprolog:article,
author = {Armstrong, J.L. and R. Virding, S and C. Williams, M},
year = {1995},
month = {10},
pages = {},
title = {Use of Prolog for developing a new programming language}
}

@inproceedings{DBLP:conf/hopl/Armstrong07,
  author    = {Joe Armstrong},
  title     = {A history of Erlang},
  booktitle = {Proceedings of the Third {ACM} {SIGPLAN} History of Programming Languages
               Conference (HOPL-III), San Diego, California, USA, 9-10 June 2007},
  pages     = {1--26},
  year      = {2007},
  crossref  = {DBLP:conf/hopl/2007},
  url       = {https://doi.org/10.1145/1238844.1238850},
  doi       = {10.1145/1238844.1238850},
  timestamp = {Wed, 14 Nov 2018 10:57:27 +0100},
  biburl    = {https://dblp.org/rec/bib/conf/hopl/Armstrong07},
  bibsource = {dblp computer science bibliography, https://dblp.org}
}

@phdthesis{Armstrong2003,
  author = {Armstrong, Joe},
  school = {Royal Institute of Technology, Stockholm},
  title = {{Making reliable distributed systems in the presence of software errors}},
  type = {PhD thesis},
  year = {2003}
}

@article{armstrong2003concurrency,
  title={Concurrency oriented programming in Erlang},
  author={Armstrong, Joe},
  journal={Invited talk, FFG},
  year={2003}
}

@inproceedings{DBLP:conf/padl/WielemakerC11,
  author    = {Jan Wielemaker and
               V\'{\i}tor Santos Costa},
  title     = {On the Portability of Prolog Applications},
  booktitle = {PADL},
  year      = {2011},
  pages     = {69-83},
  ee        = {http://dx.doi.org/10.1007/978-3-642-18378-2_8},
  crossref  = {DBLP:conf/padl/2011},
  bibsource = {DBLP, http://dblp.uni-trier.de}
}

@proceedings{DBLP:conf/padl/2011,
  editor    = {Ricardo Rocha and
               John Launchbury},
  title     = {Practical Aspects of Declarative Languages - 13th International
               Symposium, PADL 2011, Austin, TX, USA, January 24-25, 2011.
               Proceedings},
  booktitle = {PADL},
  publisher = {Springer},
  series    = {Lecture Notes in Computer Science},
  volume    = {6539},
  year      = {2011},
  isbn      = {978-3-642-18377-5},
  ee        = {http://dx.doi.org/10.1007/978-3-642-18378-2},
  bibsource = {DBLP, http://dblp.uni-trier.de}
}

@inproceedings{Kuuskeri:2010:AR:1884110.1884122,
 author = {Kuuskeri, Janne and Turto, Tuomas},
 title = {On Actors and the REST},
 booktitle = {Proceedings of the 10th International Conference on Web Engineering},
 series = {ICWE'10},
 year = {2010},
 isbn = {3-642-13910-8, 978-3-642-13910-9},
 location = {Vienna, Austria},
 pages = {144--157},
 numpages = {14},
 url = {http://dl.acm.org/citation.cfm?id=1884110.1884122},
 acmid = {1884122},
 publisher = {Springer-Verlag},
 address = {Berlin, Heidelberg},
}

@inproceedings{Erenkrantz:2007:RCE:1287624.1287660,
 author = {Erenkrantz, Justin R. and Gorlick, Michael and Suryanarayana, Girish and Taylor, Richard N.},
 title = {From Representations to Computations: The Evolution of Web Architectures},
 booktitle = {Proceedings of the the 6th Joint Meeting of the European Software Engineering Conference and the ACM SIGSOFT Symposium on The Foundations of Software Engineering},
 series = {ESEC-FSE '07},
 year = {2007},
 isbn = {978-1-59593-811-4},
 location = {Dubrovnik, Croatia},
 pages = {255--264},
 numpages = {10},
 url = {http://doi.acm.org/10.1145/1287624.1287660},
 doi = {10.1145/1287624.1287660},
 acmid = {1287660},
 publisher = {ACM},
 address = {New York, NY, USA},
 keywords = {mobile code, network continuations, representational state transfer, web services},
}

@inproceedings{Gorlick:2011:CPF:2048147.2048202,
 author = {Gorlick, Michael and Strasser, Kyle and Baquero, Alegria and Taylor, Richard N.},
 title = {CREST: Principled Foundations for Decentralized Systems},
 booktitle = {Proceedings of the ACM International Conference Companion on Object Oriented Programming Systems Languages and Applications Companion},
 series = {OOPSLA '11},
 year = {2011},
 isbn = {978-1-4503-0942-4},
 location = {Portland, Oregon, USA},
 pages = {193--194},
 numpages = {2},
 url = {http://doi.acm.org/10.1145/2048147.2048202},
 doi = {10.1145/2048147.2048202},
 acmid = {2048202},
 publisher = {ACM},
 address = {New York, NY, USA},
 keywords = {decentralization, mobile code, web services},
} 

@book{Armstrong:2007:PES:1403889,
 author = {Armstrong, Joe},
 title = {Programming Erlang: Software for a Concurrent World},
 year = {2007},
 isbn = {193435600X, 9781934356005},
 publisher = {Pragmatic Bookshelf},
} 

@book{Merritt1989,
 author = {Merritt, Dennis.},
 year = {1989},
 title = {Building Expert Systems in Prolog},
 publisher = {Springer-Verlag},
 ISBN = {0-387-97016-9}
} 

@article{wielemaker2016cliopatria,
  title={Cliopatria: A swi-prolog infrastructure for the semantic web},
  author={Wielemaker, Jan and Beek, Wouter and Hildebrand, Michiel and van Ossenbruggen, Jacco},
  journal={Semantic Web},
  volume={7},
  number={5},
  pages={529--541},
  year={2016},
  publisher={IOS Press}
}

@article{vanroyarticle,
  author = {Van Roy, Peter},
  year = {1994},
  month = {05},
  pages = {385-441},
  title = {1983-1993: The wonder years of sequential Prolog implementation},
  volume = {19-20},
  booktitle = {The Journal of Logic Programming}
}

@article{van2009programming,
  title={Programming paradigms for dummies: What every programmer should know},
  author={Van Roy, Peter},
  journal={New computational paradigms for computer music},
  volume={104},
  year={2009},
  publisher={IRCAM/Delatour France}
}

@MISC{Gasevic12semanticweb,
    author = {Ghislain Hachey and Dragan Gasevic},
    title = {Semantic Web User Interfaces: A Systematic Mapping Study and Review},
    year = {2012}
}

@Inbook{Schrijvers2008,
    author="Schrijvers, Tom and Demoen, Bart",
    editor="Garcia de la Banda, Maria and Pontelli, Enrico",
    title="Uniting the Prolog Community",
    bookTitle="Logic Programming: 24th International Conference, ICLP 2008 Udine, Italy, December 9-13 2008 Proceedings",
    year="2008",
    publisher="Springer Berlin Heidelberg",
    address="Berlin, Heidelberg",
    pages="7--8",
    isbn="978-3-540-89982-2",
    doi="10.1007/978-3-540-89982-2_2",
    url="http://dx.doi.org/10.1007/978-3-540-89982-2_2"
}

@INPROCEEDINGS{Gasser92object-basedconcurrent,
    author = {Les Gasser and Jean-pierre Briot},
    title = {Object-Based Concurrent Programming and Distributed Artificial Intelligence},
    booktitle = {Distributed Artificial Intelligence: Theory and Praxis},
    year = {1992},
    pages = {81--107},
    publisher = {Kluwer}
}

@inproceedings{DBLP:conf/ijcai/HewittBS73,
  author    = {Carl Hewitt and
               Peter Bishop and
               Richard Steiger},
  title     = {A Universal Modular {ACTOR} Formalism for Artificial Intelligence},
  booktitle = {Proceedings of the 3rd International Joint Conference on Artificial
               Intelligence. Standford, CA, USA, August 20-23, 1973},
  pages     = {235--245},
  year      = {1973},
  crossref  = {DBLP:conf/ijcai/1973},
  url       = {http://ijcai.org/Proceedings/73/Papers/027B.pdf},
  timestamp = {Tue, 19 Jul 2016 10:03:00 +0200},
  biburl    = {http://dblp.uni-trier.de/rec/bib/conf/ijcai/HewittBS73},
  bibsource = {dblp computer science bibliography, http://dblp.org}
}

@article{J95-3001,
    author = {Ronnie W. Smith and Alan W. Biermann and D. Richard Hipp},
    journal = {Computational Linguistics},
    volume = {21},
    number = {3},
    title = {An Architecture for Voice Dialog Systems Based on Prolog-Style Theorem Proving},
    url = {http://www.aclweb.org/anthology/J95-3001},
    year = {1995},
    pages = {281--318}
    }

@article{DBLP:journals/tplp/WielemakerSTL12,
  author    = {Jan Wielemaker and
               Tom Schrijvers and
               Markus Triska and
               Torbj{\"{o}}rn Lager},
  title     = {SWI-Prolog},
  journal   = {{TPLP}},
  volume    = {12},
  number    = {1-2},
  pages     = {67--96},
  year      = {2012},
  url       = {http://dx.doi.org/10.1017/S1471068411000494},
  doi       = {10.1017/S1471068411000494},
  timestamp = {Wed, 03 Apr 2013 22:45:07 +0200},
  biburl    = {http://dblp.uni-trier.de/rec/bib/journals/tplp/WielemakerSTL12},
  bibsource = {dblp computer science bibliography, http://dblp.org}
}

@TECHREPORT{Loke98addinglogic,
    author = {Seng Wai Loke},
    title = {Adding Logic Programming Behaviour to the World Wide Web},
    institution = {In Proceedings of the Workshop on Industrial Constraint-Directed Scheduling. In conjunction with the Third International Conference on Principles and Practice of Constraint Programming (CP97},
    year = {1998}
}

@article{Loke:2001:SPM:986904.986909,
 author = {Loke, Seng Wai and Davison, Andrew},
 title = {Secure Prolog-based Mobile Code},
 journal = {Theory Pract. Log. Program.},
 issue_date = {May 2001},
 volume = {1},
 number = {3},
 month = may,
 year = {2001},
 issn = {1471-0684},
 pages = {321--357},
 numpages = {37},
 url = {http://dx.doi.org/10.1017/S1471068401001211},
 doi = {10.1017/S1471068401001211},
 acmid = {986909},
 publisher = {Cambridge University Press},
 address = {New York, NY, USA},
 keywords = {Prolog, World Wide Web, mobile code security},
} 


@Article{journals/jss/Loke06, 
    title = "Declarative programming of integrated peer-to-peer and Web based systems: the case of Prolog", 
    author = "Seng Wai Loke", 
    journal = "Journal of Systems and Software", 
    year = "2006", 
    number = "4", 
    volume = "79", 
    bibdate = "2006-07-07", 
    bibsource = "DBLP,http://dblp.uni-trier.de/db/journals/jss/jss79.html#Loke06", 
    pages = "523--536", 
    URL = "http://dx.doi.org/10.1016/j.jss.2005.04.005", 
}

@InProceedings{conf/erlang/SvenssonFE10, 
    title = "A unified semantics for future Erlang",
    author = "Hans Svensson and Lars-{\AA}ke Fredlund and Clara Benac Earle", bibdate = "2012-02-08", 
    bibsource = "DBLP,http://dblp.uni-trier.de/db/conf/erlang/erlang2010.html#SvenssonFE10",
    booktitle = "Erlang Workshop", 
    booktitle = "Proceedings of the 9th {ACM} {SIGPLAN} workshop on Erlang, Baltimore, Maryland, {USA}, September 30, 2010", 
    publisher = "ACM", 
    year = "2010", 
    editor = "Scott Lystig Fritchie and Konstantinos F. Sagonas", 
    ISBN = "978-1-4503-0253-1", 
    pages = "23--32", 
    URL = "http://dl.acm.org/citation.cfm?id=1863509",
}

@article{journals/corr/WielemakerLR15,
  added-at = {2015-12-01T00:00:00.000+0100},
  author = {Wielemaker, Jan and Lager, Torbjörn and Riguzzi, Fabrizio},
  biburl = {http://www.bibsonomy.org/bibtex/2fe64c19500b7581e9690314df174fd20/dblp},
  ee = {http://arxiv.org/abs/1511.00915},
  interhash = {abf61272e7c4b223e6d492ff4f96b36d},
  intrahash = {fe64c19500b7581e9690314df174fd20},
  journal = {CoRR},
  keywords = {dblp},
  timestamp = {2015-12-02T11:35:54.000+0100},
  title = {SWISH: SWI-Prolog for Sharing.},
  url = {http://dblp.uni-trier.de/db/journals/corr/corr1511.html#WielemakerLR15},
  volume = {abs/1511.00915},
  year = 2015
}



@book{Hebert:2013:LYE:2543986,
 author = {Hebert, Fred},
 title = {Learn You Some Erlang for Great Good!: A Beginner's Guide},
 year = {2013},
 isbn = {1593274351, 9781593274351},
 publisher = {No Starch Press},
 address = {San Francisco, CA, USA},
}

@article{bernerslee2001semantic,
  added-at = {2012-04-02T16:25:07.000+0200},
  author = {Berners-Lee, Tim and Hendler, James and Lassila, Ora},
  biburl = {http://www.bibsonomy.org/bibtex/2222934145a71a9d6cfbbb375d4d62c1d/eakaluk},
  interhash = {e87f09446138a81e6478625da97885b6},
  intrahash = {222934145a71a9d6cfbbb375d4d62c1d},
  journal = {Scientific American},
  keywords = {},
  lastdatemodified = {2007-04-27},
  lastname = {Berners-Lee},
  month = may,
  number = 5,
  own = {notown},
  pages = {34-43},
  read = {notread},
  timestamp = {2012-04-02T16:25:07.000+0200},
  title = {The Semantic Web},
  url = {http://www.sciam.com/article.cfm?articleID=00048144-10D2-1C70-84A9809EC588EF21},
  volume = 284,
  year = 2001
}

@article{DBLP:journals/tplp/LagerW14,
  author    = {Torbj{\"{o}}rn Lager and
               Jan Wielemaker},
  title     = {Pengines: Web Logic Programming Made Easy},
  journal   = {{Theory and Practice of Logic Programming}},
  volume    = {14},
  number    = {4-5},
  pages     = {539--552},
  year      = {2014},
  url       = {http://dx.doi.org/10.1017/S1471068414000192},
  doi       = {10.1017/S1471068414000192},
  timestamp = {Mon, 11 Aug 2014 11:04:57 +0200},
  biburl    = {http://dblp.uni-trier.de/rec/bib/journals/tplp/LagerW14},
  bibsource = {dblp computer science bibliography, http://dblp.org}
}

@article{DBLP:journals/corr/abs-0808-0556,
  author    = {Paul Tarau},
  title     = {Logic Engines as Interactors},
  journal   = {CoRR},
  volume    = {abs/0808.0556},
  year      = {2008},
  url       = {http://arxiv.org/abs/0808.0556},
  timestamp = {Wed, 07 Jun 2017 14:42:15 +0200},
  biburl    = {http://dblp.uni-trier.de/rec/bib/journals/corr/abs-0808-0556},
  bibsource = {dblp computer science bibliography, http://dblp.org}
}

@incollection{tarau2009interoperating,
  title={Interoperating logic engines},
  author={Tarau, Paul and Majumdar, Arun},
  booktitle={Practical Aspects of Declarative Languages},
  pages={137--151},
  year={2009},
  publisher={Springer}
}

@Inbook{Tarau2011,
  author="Tarau, Paul",
  editor="De Meuter, Wolfgang and Roman, Gruia-Catalin",
  title="Coordination and Concurrency in Multi-engine Prolog",
  bookTitle="Coordination Models and Languages: 13th International Conference, COORDINATION 2011, Reykjavik, Iceland, June 6-9, 2011. Proceedings",
  year="2011",
  publisher="Springer Berlin Heidelberg",
  address="Berlin, Heidelberg",
  pages="157--171",
  isbn="978-3-642-21464-6",
  doi="10.1007/978-3-642-21464-6_11",
  url="https://doi.org/10.1007/978-3-642-21464-6_11"
}


@article{brand1983communicating,
  title={On communicating finite-state machines},
  author={Brand, Daniel and Zafiropulo, Pitro},
  journal={Journal of the ACM (JACM)},
  volume={30},
  number={2},
  pages={323--342},
  year={1983},
  publisher={ACM}
}

@article{wielemaker:tplp2008,
  author    = {Jan Wielemaker and Zhisheng Huang and Lourens {van der Meij}},
  title     = {SWI-Prolog and the Web},
  journal   = "Theory and Practice of Logic Programming",
  editor    = "A Bossi",
  publisher = "Cambridge University Press",
  year	    = {2008},
  volume    = {8},
  number    = {3},
  pages     = {363-392},
  ee        = {http://dx.doi.org/10.1017/S1471068407003237}
}

@inproceedings{byrd:80,
  author =       "L. Byrd",
  title =        "Understanding the control flow of {Prolog} programs",
  year =         "1980",
  booktitle =    "Logic Programming Workshop",
  editor =	 "S.A. Tarnlund",
  pages =	 {127-138},
  address =      "Debrecen, Hungary"
}

@inproceedings{DBLP:conf/jelia/Calejo04,
  author    = {Miguel Calejo},
  title     = {InterProlog: Towards a Declarative Embedding of Logic Programming
               in Java},
  booktitle = {JELIA},
  year      = {2004},
  pages     = {714-717},
  ee        = {http://dx.doi.org/10.1007/978-3-540-30227-8_64},
  crossref  = {DBLP:conf/jelia/2004},
  bibsource = {DBLP, http://dblp.uni-trier.de}
}

@proceedings{DBLP:conf/jelia/2004,
  editor    = {Jos{\'e} J{\'u}lio Alferes and
               Jo{\~a}o Alexandre Leite},
  title     = {Logics in Artificial Intelligence, 9th European Conference,
               JELIA 2004, Lisbon, Portugal, September 27-30, 2004, Proceedings},
  booktitle = {JELIA},
  publisher = {Springer},
  series    = {Lecture Notes in Computer Science},
  volume    = {3229},
  year      = {2004},
  isbn      = {3-540-23242-7},
  bibsource = {DBLP, http://dblp.uni-trier.de}
}

@inproceedings{DBLP:conf/padl/ShenSNS02,
  author    = {Kish Shen and
               Joachim Schimpf and
               Stefano Novello and
               Josh Singer},
  title     = {A High-Level Generic Interface to External Programming Languages
               for ECLiPSe},
  booktitle = {PADL},
  year      = {2002},
  pages     = {262-279},
  ee        = {http://dx.doi.org/10.1007/3-540-45587-6_17},
  crossref  = {DBLP:conf/padl/2002},
  bibsource = {DBLP, http://dblp.uni-trier.de}
}

@proceedings{DBLP:conf/padl/2002,
  editor    = {Shriram Krishnamurthi and
               C. R. Ramakrishnan},
  title     = {Practical Aspects of Declarative Languages, 4th International
               Symposium, PADL 2002, Portland, OR, USA, January 19-20,
               2002, Proceedings},
  booktitle = {PADL},
  publisher = {Springer},
  series    = {Lecture Notes in Computer Science},
  volume    = {2257},
  year      = {2002},
  isbn      = {3-540-43092-X},
  bibsource = {DBLP, http://dblp.uni-trier.de}
}

@article{wielemaker:2011:tplp,
  author = {Wielemaker, Jan and Schrijvers, Tom and Triska, Markus and Lager, Torbj\"o{}rn},
  title = {{SWI-Prolog}},
  journal = {Theory and Practice of Logic Programming},
  year = {2012},
  volume = {12},
  number = {1-2},
  pages = {67--96},
  ISSN = {1471-0684}
}
